{
  "AAPL": {
    "incomeStatement": [
      {
        "date": "2025-09-27",
        "fiscalYear": "2025",
        "period": "FY",
        "revenue": 416161000000,
        "costOfRevenue": 220960000000,
        "grossProfit": 195201000000,
        "researchAndDevelopmentExpenses": 34550000000,
        "operatingIncome": 133050000000,
        "netIncome": 112010000000,
        "eps": 7.49,
        "epsDiluted": 7.46,
        "ebitda": 144427000000
      },
      {
        "date": "2024-09-28",
        "fiscalYear": "2024",
        "period": "FY",
        "revenue": 391035000000,
        "costOfRevenue": 210352000000,
        "grossProfit": 180683000000,
        "researchAndDevelopmentExpenses": 31370000000,
        "operatingIncome": 123216000000,
        "netIncome": 93736000000,
        "eps": 6.11,
        "epsDiluted": 6.08,
        "ebitda": 134661000000
      },
      {
        "date": "2023-09-30",
        "fiscalYear": "2023",
        "period": "FY",
        "revenue": 383285000000,
        "costOfRevenue": 214137000000,
        "grossProfit": 169148000000,
        "researchAndDevelopmentExpenses": 29915000000,
        "operatingIncome": 114301000000,
        "netIncome": 96995000000,
        "eps": 6.16,
        "epsDiluted": 6.13,
        "ebitda": 129188000000
      },
      {
        "date": "2022-09-24",
        "fiscalYear": "2022",
        "period": "FY",
        "revenue": 394328000000,
        "costOfRevenue": 223546000000,
        "grossProfit": 170782000000,
        "researchAndDevelopmentExpenses": 26251000000,
        "operatingIncome": 119437000000,
        "netIncome": 99803000000,
        "eps": 6.15,
        "epsDiluted": 6.11,
        "ebitda": 133138000000
      },
      {
        "date": "2021-09-25",
        "fiscalYear": "2021",
        "period": "FY",
        "revenue": 365817000000,
        "costOfRevenue": 212981000000,
        "grossProfit": 152836000000,
        "researchAndDevelopmentExpenses": 21914000000,
        "operatingIncome": 108949000000,
        "netIncome": 94680000000,
        "eps": 5.67,
        "epsDiluted": 5.61,
        "ebitda": 123136000000
      }
    ],
    "keyMetrics": [
      {
        "date": "2025-09-27",
        "fiscalYear": "2025",
        "period": "FY",
        "marketCap": 3818743810000,
        "enterpriseValue": 3895186810000,
        "evToEBITDA": 26.969935053694947,
        "evToSales": 9.359807406268247,
        "evToFreeCashFlow": 39.43814037077161,
        "earningsYield": 0.029331635106467118,
        "returnOnEquity": 1.5191298333175105,
        "returnOnAssets": 0.3117962593356549,
        "returnOnInvestedCapital": 0.5196842110031786,
        "freeCashFlowYield": 0.02586374077814872,
        "currentRatio": 0.8932929222186667,
        "netDebtToEBITDA": 0.5292846905357032,
        "researchAndDevelopementToRevenue": 0.08302075398703868,
        "freeCashFlowToEquity": 22324000000,
        "peRatio": 34.09
      },
      {
        "date": "2024-09-28",
        "fiscalYear": "2024",
        "period": "FY",
        "marketCap": 3495160329570,
        "enterpriseValue": 3584276329570,
        "evToEBITDA": 26.617033362072167,
        "evToSales": 9.166126637180815,
        "evToFreeCashFlow": 32.94159686022039,
        "earningsYield": 0.026818798327209237,
        "returnOnEquity": 1.6459350307287095,
        "returnOnAssets": 0.25682503150857583,
        "returnOnInvestedCapital": 0.4430708117427921,
        "freeCashFlowYield": 0.03113076074921754,
        "currentRatio": 0.8673125765340832,
        "netDebtToEBITDA": 0.6617803224393106,
        "researchAndDevelopementToRevenue": 0.08022299794136074,
        "freeCashFlowToEquity": 19691000000,
        "peRatio": 37.29
      },
      {
        "date": "2023-09-30",
        "fiscalYear": "2023",
        "period": "FY",
        "marketCap": 2695569789510,
        "enterpriseValue": 2789534789510,
        "evToEBITDA": 21.592832070393534,
        "evToSales": 7.277964933430737,
        "evToFreeCashFlow": 28.0118773046875,
        "earningsYield": 0.03598311584343425,
        "returnOnEquity": 1.5607601454639075,
        "returnOnAssets": 0.27509834563776475,
        "returnOnInvestedCapital": 0.4338918291689624,
        "freeCashFlowYield": 0.03694358068098929,
        "currentRatio": 0.9880116717592975,
        "netDebtToEBITDA": 0.7273508375390904,
        "researchAndDevelopementToRevenue": 0.07804897139204509,
        "freeCashFlowToEquity": 5619000000,
        "peRatio": 27.79
      },
      {
        "date": "2022-09-24",
        "fiscalYear": "2022",
        "period": "FY",
        "marketCap": 2439367314090,
        "enterpriseValue": 2548201314090,
        "evToEBITDA": 19.13954929539275,
        "evToSales": 6.462136379080359,
        "evToFreeCashFlow": 22.865512540850478,
        "earningsYield": 0.040913477615088595,
        "returnOnEquity": 1.9695887275023682,
        "returnOnAssets": 0.2829244092925685,
        "returnOnInvestedCapital": 0.45174761493312454,
        "freeCashFlowYield": 0.04568520671581333,
        "currentRatio": 0.8793560286267226,
        "netDebtToEBITDA": 0.8174525680121378,
        "researchAndDevelopementToRevenue": 0.06657148363798665,
        "freeCashFlowToEquity": 2609000000,
        "peRatio": 24.44
      },
      {
        "date": "2021-09-25",
        "fiscalYear": "2021",
        "period": "FY",
        "marketCap": 2453750882240,
        "enterpriseValue": 2555332882240,
        "evToEBITDA": 20.7521186512474,
        "evToSales": 6.985276469491576,
        "evToFreeCashFlow": 27.490590752746012,
        "earningsYield": 0.038585824129614886,
        "returnOnEquity": 1.5007132667617689,
        "returnOnAssets": 0.26974205275183616,
        "returnOnInvestedCapital": 0.3892505618225257,
        "freeCashFlowYield": 0.03788200370004322,
        "currentRatio": 1.0745531195957954,
        "netDebtToEBITDA": 0.8249577702702703,
        "researchAndDevelopementToRevenue": 0.059904269074427925,
        "freeCashFlowToEquity": -8629000000,
        "peRatio": 25.92
      }
    ],
    "dcf": {
      "symbol": "AAPL",
      "date": "2026-02-16",
      "dcf": 151.14385018961102,
      "Stock Price": 255.78
    },
    "analystEstimates": {
      "symbol": "AAPL",
      "targetHigh": 350,
      "targetLow": 220,
      "targetConsensus": 303.11,
      "targetMedian": 315
    }
  },
  "MSFT": {
    "incomeStatement": [
      {
        "date": "2025-06-30",
        "fiscalYear": "2025",
        "period": "FY",
        "revenue": 281724000000,
        "costOfRevenue": 87831000000,
        "grossProfit": 193893000000,
        "researchAndDevelopmentExpenses": 32488000000,
        "operatingIncome": 128528000000,
        "netIncome": 101832000000,
        "eps": 13.7,
        "epsDiluted": 13.64,
        "ebitda": 160165000000
      },
      {
        "date": "2024-06-30",
        "fiscalYear": "2024",
        "period": "FY",
        "revenue": 245122000000,
        "costOfRevenue": 74114000000,
        "grossProfit": 171008000000,
        "researchAndDevelopmentExpenses": 29510000000,
        "operatingIncome": 109433000000,
        "netIncome": 88136000000,
        "eps": 11.86,
        "epsDiluted": 11.8,
        "ebitda": 133009000000
      },
      {
        "date": "2023-06-30",
        "fiscalYear": "2023",
        "period": "FY",
        "revenue": 211915000000,
        "costOfRevenue": 65863000000,
        "grossProfit": 146052000000,
        "researchAndDevelopmentExpenses": 27195000000,
        "operatingIncome": 88523000000,
        "netIncome": 72361000000,
        "eps": 9.72,
        "epsDiluted": 9.68,
        "ebitda": 105140000000
      },
      {
        "date": "2022-06-30",
        "fiscalYear": "2022",
        "period": "FY",
        "revenue": 198270000000,
        "costOfRevenue": 62650000000,
        "grossProfit": 135620000000,
        "researchAndDevelopmentExpenses": 24512000000,
        "operatingIncome": 83383000000,
        "netIncome": 72738000000,
        "eps": 9.7,
        "epsDiluted": 9.65,
        "ebitda": 100239000000
      },
      {
        "date": "2021-06-30",
        "fiscalYear": "2021",
        "period": "FY",
        "revenue": 168088000000,
        "costOfRevenue": 52232000000,
        "grossProfit": 115856000000,
        "researchAndDevelopmentExpenses": 20716000000,
        "operatingIncome": 69916000000,
        "netIncome": 61271000000,
        "eps": 8.12,
        "epsDiluted": 8.05,
        "ebitda": 85134000000
      }
    ],
    "keyMetrics": [
      {
        "date": "2025-06-30",
        "fiscalYear": "2025",
        "period": "FY",
        "marketCap": 3697248530000,
        "enterpriseValue": 3727594530000,
        "evToEBITDA": 23.27346505166547,
        "evToSales": 13.23137017080547,
        "evToFreeCashFlow": 52.053379089804636,
        "earningsYield": 0.027542643988825926,
        "returnOnEquity": 0.2964722734140952,
        "returnOnAssets": 0.16450970350709124,
        "returnOnInvestedCapital": 0.2202006954205621,
        "freeCashFlowYield": 0.019368727695457357,
        "currentRatio": 1.3534464445042416,
        "netDebtToEBITDA": 0.189467112040708,
        "researchAndDevelopementToRevenue": 0.11531853871164686,
        "freeCashFlowToEquity": 41265000000,
        "peRatio": 36.31
      },
      {
        "date": "2024-06-30",
        "fiscalYear": "2024",
        "period": "FY",
        "marketCap": 3393960630000,
        "enterpriseValue": 3442772630000,
        "evToEBITDA": 25.883756963814477,
        "evToSales": 14.045139277584223,
        "evToFreeCashFlow": 46.479359398415035,
        "earningsYield": 0.025968480370970007,
        "returnOnEquity": 0.32828137978299815,
        "returnOnAssets": 0.17208583985957596,
        "returnOnInvestedCapital": 0.2260677541103377,
        "freeCashFlowYield": 0.021824354515273207,
        "currentRatio": 1.2749549031815206,
        "netDebtToEBITDA": 0.3669826853821922,
        "researchAndDevelopementToRevenue": 0.12038903076835208,
        "freeCashFlowToEquity": 25259000000,
        "peRatio": 38.51
      },
      {
        "date": "2023-06-30",
        "fiscalYear": "2023",
        "period": "FY",
        "marketCap": 2535660840000,
        "enterpriseValue": 2560921840000,
        "evToEBITDA": 24.35725546889861,
        "evToSales": 12.084665266734303,
        "evToFreeCashFlow": 43.05879512400168,
        "earningsYield": 0.02853733388097755,
        "returnOnEquity": 0.35088714643856406,
        "returnOnAssets": 0.175643726819038,
        "returnOnInvestedCapital": 0.22909136998599766,
        "freeCashFlowYield": 0.023455423951730073,
        "currentRatio": 1.76916725076573,
        "netDebtToEBITDA": 0.24026060490774206,
        "researchAndDevelopementToRevenue": 0.12832975485454073,
        "freeCashFlowToEquity": 34214000000,
        "peRatio": 35.04
      },
      {
        "date": "2022-06-30",
        "fiscalYear": "2022",
        "period": "FY",
        "marketCap": 1925197680000,
        "enterpriseValue": 1972536680000,
        "evToEBITDA": 19.678335577968657,
        "evToSales": 9.948740001008726,
        "evToFreeCashFlow": 30.27731323581329,
        "earningsYield": 0.03778209414837857,
        "returnOnEquity": 0.4367546925099975,
        "returnOnAssets": 0.19936958666812848,
        "returnOnInvestedCapital": 0.26585984054183737,
        "freeCashFlowYield": 0.033840161286710045,
        "currentRatio": 1.7846069708251824,
        "netDebtToEBITDA": 0.47226129550374607,
        "researchAndDevelopementToRevenue": 0.12362939426035205,
        "freeCashFlowToEquity": 17810000000,
        "peRatio": 26.47
      },
      {
        "date": "2021-06-30",
        "fiscalYear": "2021",
        "period": "FY",
        "marketCap": 2044482299999.9998,
        "enterpriseValue": 2098033299999.9998,
        "evToEBITDA": 24.643894331289495,
        "evToSales": 12.48175539003379,
        "evToFreeCashFlow": 37.38610249830713,
        "earningsYield": 0.029968955955255765,
        "returnOnEquity": 0.4315223821731414,
        "returnOnAssets": 0.18356757015869782,
        "returnOnInvestedCapital": 0.23795581118541945,
        "freeCashFlowYield": 0.027448513494100685,
        "currentRatio": 2.0799936835218875,
        "netDebtToEBITDA": 0.6290201329668522,
        "researchAndDevelopementToRevenue": 0.12324496692208843,
        "freeCashFlowToEquity": 2567000000,
        "peRatio": 33.37
      }
    ],
    "dcf": {
      "symbol": "MSFT",
      "date": "2026-02-16",
      "dcf": 353.3354230990897,
      "Stock Price": 401.32
    },
    "analystEstimates": {
      "symbol": "MSFT",
      "targetHigh": 675,
      "targetLow": 392,
      "targetConsensus": 587.32,
      "targetMedian": 600
    }
  },
  "600519.SHG": {
    "highlights": {
      "MarketCapitalization": 1859997007872,
      "MarketCapitalizationMln": 1859997.0079,
      "EBITDA": 123010482176,
      "PERatio": 20.7039,
      "PEGRatio": 1.7454,
      "WallStreetTargetPrice": 1934.86,
      "BookValue": 205.223,
      "DividendShare": 51.581,
      "DividendYield": 0.0347,
      "EarningsShare": 71.74,
      "EPSEstimateCurrentYear": 0,
      "EPSEstimateNextYear": 0,
      "EPSEstimateNextQuarter": 0,
      "EPSEstimateCurrentQuarter": 0,
      "MostRecentQuarter": "2025-09-30",
      "ProfitMargin": 0.5041,
      "OperatingMarginTTM": 0.6623,
      "ReturnOnAssetsTTM": 0.2558,
      "ReturnOnEquityTTM": 0.3631,
      "RevenueTTM": 178576719872,
      "RevenuePerShareTTM": 142.33,
      "QuarterlyRevenueGrowthYOY": 0.006,
      "GrossProfitTTM": 163819077632,
      "DilutedEpsTTM": 71.74,
      "QuarterlyEarningsGrowthYOY": 0.008
    },
    "valuation": {
      "TrailingPE": 20.7039,
      "ForwardPE": 19.1939,
      "PriceSalesTTM": 10.4157,
      "PriceBookMRQ": 7.2354,
      "EnterpriseValue": 1808506456541,
      "EnterpriseValueRevenue": 9.9409,
      "EnterpriseValueEbitda": 14.4673
    }
  }
}